@article{multivandenhende2021,
  title={Multi-task learning for dense prediction tasks: A survey},
  author={Vandenhende, Simon and Georgoulis, Stamatios and Van Gansbeke, Wouter and Proesmans, Marc and Dai, Dengxin and Van Gool, Luc},
  journal={IEEE transactions on pattern analysis and machine intelligence},
  year={2021},
  publisher={IEEE}
}

@article{long2015fully,
  author    = {Evan Shelhamer and
               Jonathan Long and
               Trevor Darrell},
  title     = {Fully Convolutional Networks for Semantic Segmentation},
  journal   = {{IEEE} Trans. Pattern Anal. Mach. Intell.},
  volume    = {39},
  number    = {4},
  pages     = {640--651},
  year      = {2017}
}


@inproceedings{hu2018squeeze,
  title={Squeeze-and-excitation networks},
  author={Hu, Jie and Shen, Li and Sun, Gang},
  booktitle={Proceedings of the IEEE conference on computer vision and pattern recognition},
  pages={7132--7141},
  year={2018}
}

@article{he2017mask,
  author    = {Kaiming He and
               Georgia Gkioxari and
               Piotr Doll{\'{a}}r and
               Ross B. Girshick},
  title     = {Mask {R-CNN}},
  journal   = {{IEEE} Trans. Pattern Anal. Mach. Intell.},
  volume    = {42},
  number    = {2},
  pages     = {386--397},
  year      = {2020}
}



@book{rhodes2014foundations,
  title={Foundations of Python network programming},
  author={Rhodes, Brandon and Goerzen, John and Beaulne, Alexandre and Membrey, Peter},
  year={2014},
  publisher={Springer}
}

@article{lou2016comparison,
  title={A comparison of Android native app architecture MVC, MVP and MVVM},
  author={Lou, Tian and others},
  journal={Eindhoven University of Technology},
  year={2016}
}

@article{ren2015faster,
  title={Faster r-cnn: Towards real-time object detection with region proposal networks},
  author={Ren, Shaoqing and He, Kaiming and Girshick, Ross and Sun, Jian},
  journal={Advances in neural information processing systems},
  volume={28},
  year={2015}
}

@article{abu2018augmented,
  title={Augmented reality meets computer vision: Efficient data generation for urban driving scenes},
  author={Abu Alhaija, Hassan and Mustikovela, Siva Karthik and Mescheder, Lars and Geiger, Andreas and Rother, Carsten},
  journal={International Journal of Computer Vision},
  volume={126},
  number={9},
  pages={961--972},
  year={2018},
  publisher={Springer}
}

@inproceedings{kirillov2019panoptic,
  author    = {Alexander Kirillov and
               Kaiming He and
               Ross B. Girshick and
               Carsten Rother and
               Piotr Doll{\'{a}}r},
  title     = {Panoptic Segmentation},
  booktitle = {{IEEE} Conference on Computer Vision and Pattern Recognition, {CVPR}
               2019, Long Beach, CA, USA, June 16-20, 2019},
  pages     = {9404--9413},
  publisher = {Computer Vision Foundation / {IEEE}},
  year      = {2019}
}

@inproceedings{huang2021fapn,
  author    = {Shihua Huang and
               Zhichao Lu and
               Ran Cheng and
               Cheng He},
  title     = {FaPN: Feature-aligned Pyramid Network for Dense Image Prediction},
  booktitle = {2021 {IEEE/CVF} International Conference on Computer Vision, {ICCV}
               2021, Montreal, QC, Canada, October 10-17, 2021},
  pages     = {844--853},
  publisher = {{IEEE}},
  year      = {2021}
}

@inproceedings{de2017semantic,
  author    = {Bert De Brabandere and
               Davy Neven and
               Luc Van Gool},
  title     = {Semantic Instance Segmentation for Autonomous Driving},
  booktitle = {2017 {IEEE} Conference on Computer Vision and Pattern Recognition
               Workshops, {CVPR} Workshops 2017, Honolulu, HI, USA, July 21-26, 2017},
  pages     = {478--480},
  publisher = {{IEEE} Computer Society},
  year      = {2017}
}



@article{lei2020medical,
  title={Medical Image Segmentation Using Deep Learning: A Survey.},
  author={Lei, Tao and Wang, Risheng and Wan, Yong and Du, Xiaogang and Meng, Hongying and Nandi, Asoke K},
  year={2020},
  publisher={ArXiv}
}

@inproceedings{zheng2020foreground,
  title={Foreground-aware relation network for geospatial object segmentation in high spatial resolution remote sensing imagery},
  author={Zheng, Zhuo and Zhong, Yanfei and Wang, Junjue and Ma, Ailong},
  booktitle={Proceedings of the IEEE/CVF conference on computer vision and pattern recognition},
  pages={4096--4105},
  year={2020}
}

@article{zhang2022topformer,
  title={TopFormer: Token Pyramid Transformer for Mobile Semantic Segmentation},
  author={Zhang, Wenqiang and Huang, Zilong and Luo, Guozhong and Chen, Tao and Wang, Xinggang and Liu, Wenyu and Yu, Gang and Shen, Chunhua},
  journal={arXiv preprint arXiv:2204.05525},
  year={2022}
}

%引用网址
@Misc{qualcommdoc,
howpublished = {\url{https://www.qualcomm.com/content/dam/qcomm-martech/dm-assets/documents/prod_brief_qcom_sd855.pdf}},
note = {Accessed April 21, 2022},
title = {Qualcomm® Snapdragon™ 855 Mobile Platform},
author = {Qualcomm}
}


@Misc{apple,
howpublished = {\url{https://support.apple.com/kb/SP779?locale=en_US}},
note = {Accessed April 21, 2022},
title = {iPhone XS - Technical Specifications},
author = {Apple}
}

@Misc{sustechthesis,
howpublished = {\url{https://github.com/iydon/sustechthesis}},
note = {Accessed April 21, 2022},
title = {Southern University of Science and Technology Thesis Template LaTeX Template},
author = {liziwl}
}

@article{al2010image,
  title={Image segmentation by using threshold techniques},
  author={Al-Amri, Salem Saleh and Kalyankar, Namdeo V and others},
  journal={arXiv preprint arXiv:1005.4020},
  year={2010}
}

@inproceedings{he2016deep,
  title={Deep residual learning for image recognition},
  author={He, Kaiming and Zhang, Xiangyu and Ren, Shaoqing and Sun, Jian},
  booktitle={Proceedings of the IEEE conference on computer vision and pattern recognition},
  pages={770--778},
  year={2016}
}

@Misc{paddlelite,
howpublished = {\url{https://github.com/PaddlePaddle/Paddle-Lite}},
note = {Accessed April 21, 2022},
title = {Multi-platform high performance deep learning inference engine},
author = {Paddle Lite}
}

@Misc{plotNeuralNet,
howpublished = {\url{https://github.com/HarisIqbal88/PlotNeuralNet}},
note = {Accessed April 21, 2022},
title = {Latex code for making neural networks diagrams},
author = {HarisIqbal88 et al.}
}

@misc{wu2019detectron2,
  author =       {Yuxin Wu and Alexander Kirillov and Francisco Massa and
                  Wan-Yen Lo and Ross Girshick},
  title =        {Detectron2},
  howpublished = {\url{https://github.com/facebookresearch/detectron2}},
  year =         {2019}
}

@inproceedings{lin2014microsoft,
  title={Microsoft coco: Common objects in context},
  author={Lin, Tsung-Yi and Maire, Michael and Belongie, Serge and Hays, James and Perona, Pietro and Ramanan, Deva and Doll{\'a}r, Piotr and Zitnick, C Lawrence},
  booktitle={European conference on computer vision},
  pages={740--755},
  year={2014},
  organization={Springer}
}

@inproceedings{dai2017deformable,
  title={Deformable convolutional networks},
  author={Dai, Jifeng and Qi, Haozhi and Xiong, Yuwen and Li, Yi and Zhang, Guodong and Hu, Han and Wei, Yichen},
  booktitle={Proceedings of the IEEE international conference on computer vision},
  pages={764--773},
  year={2017}
}


@inproceedings{lin2017feature,
  title={Feature pyramid networks for object detection},
  author={Lin, Tsung-Yi and Doll{\'a}r, Piotr and Girshick, Ross and He, Kaiming and Hariharan, Bharath and Belongie, Serge},
  booktitle={Proceedings of the IEEE conference on computer vision and pattern recognition},
  pages={2117--2125},
  year={2017}
}

@article{padilla2021comparative,
  title={A comparative analysis of object detection metrics with a companion open-source toolkit},
  author={Padilla, Rafael and Passos, Wesley L and Dias, Thadeu LB and Netto, Sergio L and da Silva, Eduardo AB},
  journal={Electronics},
  volume={10},
  number={3},
  pages={279},
  year={2021},
  publisher={Multidisciplinary Digital Publishing Institute}
}


